<collection xmlns="http://www.loc.gov/MARC21/slim">
<record>
  <leader>01226nam0a22002771i 450 </leader>
  <controlfield tag="001">IT\ICCU\CNCE\043648</controlfield>
  <controlfield tag="005">20070810000000.0</controlfield>
  <datafield tag="012" ind1=" " ind2=" ">
    <subfield code="a">h&apos;h&apos; sese soso &amp;nmo (C) 15.. (Q)</subfield>
    <subfield code="2">fei</subfield>
  </datafield>
  <datafield tag="100" ind1=" " ind2=" ">
    <subfield code="a">19990107f15011600    0itac0103    ba</subfield>
  </datafield>
  <datafield tag="101" ind1=" " ind2=" ">
    <subfield code="a">ITA</subfield>
  </datafield>
  <datafield tag="102" ind1=" " ind2=" ">
    <subfield code="a">IT</subfield>
  </datafield>
  <datafield tag="200" ind1="1" ind2=" ">
    <subfield code="a">℗La ℗guerra tra i topi &amp; le rane, tradutta dal vero originale d&apos; Homero, di greco in latino, per m. Carlo Aretino, e al presente di latino in vulgare, in ottaua rima, opera nuoua, arguta &amp; piaceuole</subfield>
  </datafield>
  <datafield tag="210" ind1=" " ind2=" ">
    <subfield code="d">\15..!</subfield>
  </datafield>
  <datafield tag="215" ind1=" " ind2=" ">
    <subfield code="a">\28! c.</subfield>
    <subfield code="d">8ʻ</subfield>
  </datafield>
  <datafield tag="300" ind1=" " ind2=" ">
    <subfield code="a">Opera attribuita falsamente a Omero</subfield>
  </datafield>
  <datafield tag="500" ind1="1" ind2="1">
    <subfield code="3">IT\ICCU\CNCE\037295</subfield>
    <subfield code="a">Batrachomyomachia</subfield>
  </datafield>
  <datafield tag="702" ind1=" " ind2="0">
    <subfield code="a">Homerus</subfield>
    <subfield code="3">IT\ICCU\CNCA\005036</subfield>
  </datafield>
  <datafield tag="702" ind1=" " ind2="1">
    <subfield code="a">Marsuppini,</subfield>
    <subfield code="b">Carlo</subfield>
    <subfield code="3">IT\ICCU\CNCA\010451</subfield>
  </datafield>
  <datafield tag="712" ind1="0" ind2="2">
    <subfield code="a">s.n.</subfield>
    <subfield code="3">IT\ICCU\CNCT\000002</subfield>
    <subfield code="4">650</subfield>
  </datafield>
  <datafield tag="790" ind1=" " ind2="0">
    <subfield code="a">Omero</subfield>
    <subfield code="3">IT\ICCU\CNCA\018611</subfield>
    <subfield code="z">Homerus</subfield>
  </datafield>
  <datafield tag="790" ind1=" " ind2="0">
    <subfield code="a">Karolus</subfield>
    <subfield code="c"> : Aretinus</subfield>
    <subfield code="3">IT\ICCU\CNCA\011405</subfield>
    <subfield code="z">Marsuppini, Carlo</subfield>
  </datafield>
  <datafield tag="790" ind1=" " ind2="1">
    <subfield code="a">Aretino,</subfield>
    <subfield code="b">Carlo</subfield>
    <subfield code="3">IT\ICCU\CNCA\012673</subfield>
    <subfield code="z">Marsuppini, Carlo</subfield>
  </datafield>
  <datafield tag="790" ind1=" " ind2="0">
    <subfield code="a">Carlo</subfield>
    <subfield code="c"> : Aretino</subfield>
    <subfield code="3">IT\ICCU\CNCA\013185</subfield>
    <subfield code="z">Marsuppini, Carlo</subfield>
  </datafield>
  <datafield tag="790" ind1=" " ind2="0">
    <subfield code="a">Carolus</subfield>
    <subfield code="c"> : Aretinus</subfield>
    <subfield code="3">IT\ICCU\CNCA\013191</subfield>
    <subfield code="z">Marsuppini, Carlo</subfield>
  </datafield>
  <datafield tag="801" ind1=" " ind2="3">
    <subfield code="a">IT</subfield>
    <subfield code="b">ICCU</subfield>
    <subfield code="c">20201114</subfield>
  </datafield>
  <datafield tag="899" ind1=" " ind2=" ">
    <subfield code="a">Biblioteca nazionale Vittorio Emanuele III. Napoli</subfield>
    <subfield code="1">NA0079</subfield>
    <subfield code="2">NAP BN</subfield>
  </datafield>
</record>
</collection>
